%https://en.wikibooks.org/wiki/LaTeX/Bibliography_Management

@misc{iot,
    key             	= {iot},
   	title          		= {{Definitions of IoT}},
	howpublished    	= {
 \newline\url{https://internetofthingsagenda.techtarget.com/definition/Internet-of-Things-IoT},
 \newline\url{https://www.trendmicro.com/vinfo/us/security/definition/internet-of-things}
						  },
	keywords = {online}
}

@misc{smartthing,
    key             	= {smartthing},
   	title          		= {{Smart Object}},
	howpublished    	= {\newline\url{https://en.wikipedia.org/wiki/Smart_object}},
	keywords = {online}
}

@misc{w3c,
    key             	= {w3c},
   	title          		= {{W3C}},
	howpublished    	= {\newline\url{https://www.w3.org/}},
	keywords = {online}
}

@misc{wot,
   	key             	= {wot},
   	title          		= {{WoT and Architecture}},
	howpublished    	= {
 \newline\url{https://www.w3.org/WoT/},
 \newline\url{https://www.w3.org/TR/wot-architecture/},
						  }
	keywords = {online}
}

@misc{td,
   	key             	= {td},
   	title          		= {{Thing Description and Ontology}},
	howpublished    	= {
 \newline\url{https://www.w3.org/TR/wot-thing-description/}
 \newline\url{https://www.w3.org/2019/wot/td}
						  },
	keywords = {online}
}

@misc{open-connectivity,
   	key             	= {open-connectivity},
   	title          		= {{Open Connectivity Specifications}},
	howpublished    	= {\newline\url{https://openconnectivity.org/developer/specifications/}},
	keywords = {online}
}

@misc{saref,
   	key             	= {saref},
   	title          		= {{SAREF}},
	howpublished    	= {\newline\url{https://ontology.tno.nl/saref/}},
	keywords = {online}
}

@misc{iot-lite,
   	key             	= {iot-lite},
   	title          		= {{IoT Lite Ontology}},
	howpublished    	= {\newline\url{http://iot.ee.surrey.ac.uk/fiware/ontologies/iot-lite\#}},
	keywords = {online}
}

@misc{ssno,
   	key             	= {ssno},
   	title          		= {{Semantic Sensor Network Ontology}},
	howpublished    	= {\newline\url{https://www.w3.org/2005/Incubator/ssn/ssnx/ssn}},
	keywords = {online}
}

@misc{ioto,
   	key             	= {ioto},
   	title          		= {{IoT-O}},
	howpublished    	= {\newline\url{https://www.irit.fr/recherches/MELODI/ontologies/IoT-O.html}},
	keywords = {online}
}

@misc{owliot,
   	key             	= {owliot},
   	title          		= {{OWL-IoT-S}},
	howpublished    	= {\newline\url{http://personal.ee.surrey.ac.uk/Personal/P.Barnaghi/ontology/OWL-IoT-S.owl}},
	keywords = {online}
}

@misc{dbpedia,
   	key             	= {dbpedia},
   	title          		= {{DBpedia}},
	howpublished    	= {\newline\url{https://wiki.dbpedia.org/}},
	keywords = {online}
}

@misc{webthings,
	key             	= {webthings},
	title          		= {{WebThings, API and Framework}},
	howpublished    	= {
							\newline\url{https://webthings.io/},
						    \newline\url{https://webthings.io/api/},
						    \newline\url{https://webthings.io/framework/}
						  },
	keywords = {online}
}

@misc{arenawh,
	key             	= {artenawh},
	title          		= {{Arena Web Hub}},
	howpublished    	= {\newline\url{https://github.com/draggett/arena-webhub}},
	keywords = {online}
}

@misc{nodered,
	key             	= {nodered},
	title          		= {{Node Red Nodegen}},
	howpublished    	= {\newline\url{https://github.com/node-red/node-red-nodegen}},
	keywords = {online}
}

@misc{thingweb,
	key             	= {thingweb},
	title          		= {{ThingWeb.io, Repository}},
	howpublished    	= {
							\newline\url{http://www.thingweb.io/}
							\newline\url{https://github.com/eclipse/thingweb.node-wot},
						  },
	keywords = {online}
}


@misc{wot-td-java,
	key             	= {wot-td-java},
	title          		= {{WoT-TD-Java}},
	howpublished    	= {\newline\url{https://github.com/Interactions-HSG/wot-td-java}},
	keywords = {online}
}


@misc{smartthings,
	key             	= {smartthings},
	title          		= {{Smart Things}},
	howpublished    	= {\newline\url{https://smartthings.developer.samsung.com/}},
	keywords = {online}
}

@misc{jpasqua,
	key             	= {jpasqua},
	title          		= {{jpasqua-WebThing}},
	howpublished    	= {\newline\url{https://github.com/jpasqua/WebThing}},
	keywords = {online}
}

@misc{wtarduino,
	key             	= {wtarduino},
	title          		= {{WebThing Arduino}},
	howpublished    	= {\newline\url{https://www.arduino.cc/reference/en/libraries/webthing-arduino/}},
	keywords = {online}
}

@misc{ifttt,
	key             	= {ifttt},
	title          		= {{IFTTT}},
	howpublished    	= {\newline\url{https://it.wikipedia.org/wiki/IFTTT}},
	keywords = {online}
}


@misc{smartroom,
   	key             	= {smartroom},
   	title          		= {{Smart Room Definitions}},
	howpublished    	= {\newline\url{https://www.revfine.com/smart-hotel-room/}},
	keywords = {online}
}



@misc{resource-oriented-wot,
	author =       "Dominique Guinard and Vlad Trifa and Erik Wilde",
	title =        "A resource oriented architecture for the Web of Things",
	year =         "2010",
	howpublished =          {\newline\url{https://ieeexplore.ieee.org/abstract/document/5678452}},
	keywords = {article}
}


@misc{wot-challenges,
	author =       "Dave Raggett",
	title =        "The Web of Things: Challenges and Opportunities",
	year =         "2015",
	howpublished = {\newline\url{https://ieeexplore.ieee.org/abstract/document/7111885/}},
	keywords = {article}
}

@misc{semantic-wot,
	author={D. {Pfisterer} and K. {Romer} and D. {Bimschas} and O. {Kleine} and R. {Mietz} and C. {Truong} and H. {Hasemann} and A. {Kröller} and M. {Pagel} and M. {Hauswirth} and M. {Karnstedt} and M. {Leggieri} and A. {Passant} and R. {Richardson}},
	title =        "SPITFIRE: toward a semantic web of things",
	year =         "2011",
	howpublished = {\newline\url{https://ieeexplore.ieee.org/abstract/document/6069708/}},
	keywords = {article}
}

@misc{mas1,
    author =       "Boissier O. and Bordini R. H. and Hübner J. F. and Ricci A. and Santi A.",
    title =        "Multi-agent oriented programming with jacamo.",
    year =         "2011",
    howpublished =          {\newline\url{https://www.sciencedirect.com/science/article/pii/S016764231100181X/pdf?md5=60b291ad27ab39741d493e4f7f2bff56&pid=1-s2.0-S016764231100181X-main.pdf}},
    keywords = {article}
}

@misc{mas2,
    author =       "Hübner, J. F., Boissier, O., Kitio, R., and Ricci, A.",
    title =        "Instrumenting Multi-Agent Organisations with Organisational Artifacts and Agents.",
    year =         "2009",
    howpublished =          {\newline\url{https://www.researchgate.net/publication/220660654_Instrumenting_multi-agent_organisations_with_organisational_artifacts_and_agents_Giving_the_organisational_power_back_to_the_agents}},
    keywords = {article}
}

@misc{agent_comm,
    author =       "Omicini A. and Ricci A. and Viroli M.",
    title =        "Agent Coordination Contexts for the formal specification and enactment of coordination and security policies.",
    year =         "2006",
    howpublished =          {\newline\url{https://www.sciencedirect.com/science/article/pii/S016764230600102X}},
    keywords = {article}
}

@misc{cartago,
    title =        "CArtAgO",
    howpublished = {\newline\url{http://cartago.sourceforge.net/}},
    keywords = {online}
}

@misc{moise,
    title =        "Moise",
    howpublished = {\newline\url{http://moise.sourceforge.net/}},
    keywords = {online}
}

@misc{jacamo,
    title =        "JaCaMo, Installing",
    howpublished = {
    					\newline\url{http://jacamo.sourceforge.net/},
    					\newline\url{http://jacamo.sourceforge.net/doc/install.html},
    			   },
    keywords = {online}
}

@misc{tornadofx,
    title =        "TornadoFX",
    howpublished = {\newline\url{https://tornadofx.io/}},
    keywords = {online}
}

@misc{javafx,
    title =        "JavaFX",
    howpublished =          {\newline\url{https://openjfx.io/}},
    keywords = {online}
}

@misc{gradle,
    title =        "Gradle",
    howpublished = {\newline\url{https://gradle.org/}},
    keywords = {online}
}

@misc{json-ld,
    author =       "Gregg Kellogg and Pierre-Antoine Champin and Dave Longley",
    title =        "\uppercase{W3C} Candidate Recommendation for \uppercase{JSON-LD} 1.1",
    year =         "2020",
    howpublished =          {\newline\url{https://www.w3.org/TR/json-ld11/}},
    keywords = {article}
}

@misc{td-paper,
    author =       "Victor Charpenay and Sebastian Käbisch",
    title =        "On Modeling the Physical World as a Collection of Things: The \uppercase{W3C} Thing Description Ontology",
    year =         "2020",
    howpublished =          {\newline\url{https://link.springer.com/chapter/10.1007/978-3-030-49461-2_35}},
    keywords = {article}
}

@misc{td-paper2,
    author =       "Victor Charpenay and Sebastian Kabisch and Harald Kosch",
    title =        "Introducing Thing Descriptions and Interactions: An Ontology for the Web of Things",
    howpublished =          {\newline\url{https://www.vcharpenay.link/publications/2016-swit.pdf}}
    keywords = {article}
}

@misc{iot-paper,
    author =       "Nicolas Seydoux and Khalil Drira and Nathalie Hernandez and Thierry Monteil",
    title =        "Io\uppercase{T}-\uppercase{O}, a Core-Domain \uppercase{I}o\uppercase{T} Ontology to Represent Connected Devices Networks",
    howpublished =          {\newline\url{https://link.springer.com/chapter/10.1007/978-3-319-49004-5_36}},
    keywords = {article}
}



@misc{intellij,
    title =        "IntelliJ and Kotlin Config",
    howpublished =          {
    							\newline\url{https://www.jetbrains.com/idea/},
    							\newline\url{https://kotlinlang.org/docs/tutorials/jvm-get-started.html}
    						}
    keywords = {online}
}

@misc{eclipse,
    title =        "Eclipse, Kotlin and JaCaMo config",
    howpublished =          {
    							\newline\url{https://www.eclipse.org/downloads/},
    							\newline\url{https://marketplace.eclipse.org/content/kotlin-plugin-eclipse},
    							\newline\url{http://jacamo.sourceforge.net/eclipseplugin/tutorial/}
    						}
    keywords = {online}
}

@misc{visualstudiocode,
    title =        "Visual Studio Code",
    howpublished =          {\newline\url{https://code.visualstudio.com/}},
    keywords = {online}
}

@misc{git,
    title =        "Git, GitHub e GitHub Desktop",
    howpublished =          {
    							\newline\url{https://git-scm.com/},
    							\newline\url{https://github.com/},
    							\newline\url{https://desktop.github.com/}
    						},
    						keywords = {online}
}

@misc{sparql,
    title =        "SPARQL",
    howpublished =          {\newline\url{https://www.w3.org/TR/rdf-sparql-query/}},
    keywords = {online}
}

@misc{rdf,
    title =        "RDF",
    howpublished =          {\newline\url{https://www.w3.org/RDF/}},
    keywords = {online}
}

@misc{linkeddata,
    title =        "Linked Data",
    howpublished =          {\newline\url{https://www.w3.org/wiki/LinkedData}},
    keywords = {online}
}

@misc{ontology,
    title =        "Ontology",
    howpublished =          {\newline\url{https://www.w3.org/standards/semanticweb/ontology}},
    keywords = {online}
}


@misc{security,
title="Intelligent Multi-Agent Collaboration Model for Smart Home IoT Security",
howpublished = {\newline\url{https://ieeexplore.ieee.org/document/8473441}}
author="Laura Rafferty and Farkhund Iqbal and Saiqa Aleem and Zhihui Lu and Shih-Chia Huang and Patrick C.K. Hung",
keywords = {article}
}

@misc{abm,
title="Agent-based modeling: Methods and techniques for simulating human systems",
howpublished = {\newline\url{https://www.pnas.org/content/pnas/99/suppl_3/7280.full.pdf}},
author="Eric Bonabeau",
keywords = {article}
}

@misc{evacuation,
title="Agent-based Simulation for loT Facilitated Building Evacuation",
howpublished = {\newline\url{https://ieeexplore.ieee.org/stamp/stamp.jsp?tp=\&arnumber=9032909}},
author="Julie Dugdale, Mahyar T. Moghaddamt , Henry Muccinif",
keywords = {article}
}

@misc{bee,
title="A DIY sensor kit, Gaussian Processes and a
multi-agent system fused into a smart beekeeping assistant",
howpublished = {\newline\url{https://ieeexplore.ieee.org/stamp/stamp.jsp?tp=\&arnumber=9154974}},
author="Carolin Johannsen and Diren Senger and Thorsten Kluss",
keywords = {article}
}

@misc{masiot,
title="MATCH: MultiAgent-based Tactful Cooperation Scheme for Heterogeneous IoT Devices",
howpublished = {\newline\url{https://ieeexplore.ieee.org/stamp/stamp.jsp?tp=\&arnumber=8229379}},
author="Shingo Yokoyama and Ryota Fukutani and Takumi Kato and Hideyuki Takahashi and Tetsuo Kinoshita",
keywords = {article}
}

@misc{smartbuilding,
title="Building Cyber-Physical Systems - A Smart Building Use Case",
howpublished = {\newline\url{https://www.researchgate.net/publication/318186249_Building_Cyber-Physical_Systems_-_A_Smart_Building_Use_Case_Foundations_Principles_and_Applications}},
author="J. Bakakeu and F. Schäfer and J. Bauer and M. Michl and Jörg Franke",
keywords = {article}
}
